<?xml version="1.0" encoding="UTF-8"?><record xmlns="http://www.loc.gov/MARC21/slim" xmlns:cinclude="http://apache.org/cocoon/include/1.0" xmlns:zs="http://www.loc.gov/zing/srw/">
  <leader>00536cz  a2200121n  4500</leader>
  <controlfield tag="001">n  86109714 </controlfield>
  <controlfield tag="003">DLC</controlfield>
  <controlfield tag="005">19870826092315.5</controlfield>
  <controlfield tag="008">861028n| acannaab|          |n aaa |||  </controlfield>
  <datafield tag="010" ind1=" " ind2=" ">
    <subfield code="a">n  86109714 </subfield>
    <subfield code="z">n  86109409 </subfield>
  </datafield>
  <datafield tag="040" ind1=" " ind2=" ">
    <subfield code="a">DLC</subfield>
    <subfield code="c">DLC</subfield>
    <subfield code="d">DLC</subfield>
  </datafield>
  <datafield tag="100" ind1="1" ind2="0">
    <subfield code="a">Styers, Elizabeth S.</subfield>
  </datafield>
  <datafield tag="670" ind1=" " ind2=" ">
    <subfield code="a">Wyatt, L.K. Seminar basics manual, Tax Reform Act of 1986:</subfield>
    <subfield code="b">CIP t.p. (Elizabeth S. Styers, J.D.) galley (J.D., Mercer Univ.; first vice pres. of FSC Securities Corp., pres. of FSC Advisory Corp., subsids. of Financial Service Corp.; member of State Bar of Ga.)</subfield>
  </datafield>
</record>